@article{caratheodory,
  title={{\"U}ber den Variabilit{\"a}tsbereich der Fourierâ€™schen Konstanten von positiven harmonischen Funktionen},
  author={Carath{\'e}odory, Constantin},
  journal={Rendiconti Del Circolo Matematico di Palermo (1884-1940)},
  volume={32},
  number={1},
  pages={193--217},
  year={1911},
  publisher={Springer},
  doi={10.1007/BF03014795}
}
